@MISC{DIJKSTRA,
	HOWPUBLISHED = "\url{https://en.wikipedia.org/wiki/Dijkstra%27s_algorithm}",
	AUTHOR = "Wikipedia contributors",
  PUBLISHER = "Wikipedia, The Free Encyclopedia.",
	TITLE = "Dijkstra's algorithm",
	MONTH = "April",
	YEAR = "2020",
	NOTE = "Accessed on 2020-04-02"
}
@MISC{NNA,
	HOWPUBLISHED = "\url{https://en.wikipedia.org/wiki/Nearest_neighbour_algorithm}",
	AUTHOR = "Wikipedia contributors",
  PUBLISHER = "Wikipedia, The Free Encyclopedia.",
	TITLE = "Nearest neighbour algorithm",
	MONTH = "March",
	YEAR = "2020",
	NOTE = "Accessed on 2020-04-05"
}
@MISC{PSEUDONNA,
	HOWPUBLISHED = "\url{https://www.chegg.com/homework-help/write-pseudocode-nearest-neighbor-algorithm-assume-input-gi-chapter-12.3-problem-2e-solution-9780132316811-exc}",
	AUTHOR = "Unknown",
	TITLE = "Introduction to the Design and Analysis of Algorithms, chapter 12.3, problem 2E",
	NOTE = "Accessed on 2020-04-08"
}
@MISC{FLOYD,
	HOWPUBLISHED = "\url{https://en.wikipedia.org/wiki/Floyd%E2%80%93Warshall_algorithm}",
	AUTHOR = "Wikipedia contributors",
  PUBLISHER = "Wikipedia, The Free Encyclopedia.",
	TITLE = "Floydâ€“Warshall algorithm",
	MONTH = "April",
	YEAR = "2020",
	NOTE = "Accessed on 2020-04-02"
}
@MISC{TSP,
	HOWPUBLISHED = "\url{https://en.wikipedia.org/wiki/Travelling_salesman_problem}",
	AUTHOR = "Wikipedia contributors",
  PUBLISHER = "Wikipedia, The Free Encyclopedia.",
	TITLE = "Travelling salesman problem",
	MONTH = "April",
	YEAR = "2020",
	NOTE = "Accessed on 2020-04-03"
}
@MISC{VRP,
	HOWPUBLISHED = "\url{https://en.wikipedia.org/w/index.php?title=Vehicle_routing_problem&oldid=952712533}",
	AUTHOR = "Wikipedia contributors",
  PUBLISHER = "Wikipedia, The Free Encyclopedia.",
	TITLE = "Vehicle routing problem",
	MONTH = "April",
	YEAR = "2020",
	NOTE = "Accessed on 2020-05-21"
}
